<record xmlns="http://www.loc.gov/MARC21/slim" xmlns:xsi="http://www.w3.org/2001/XMLSchema-instance" xsi:schemaLocation="http://www.loc.gov/MARC21/slim http://www.loc.gov/standards/marcxml/schema/MARC21slim.xsd">

  <leader>00722nam a2200157Ia 4500</leader>
  <datafield ind2=" " ind1=" " tag="999">
    <subfield code="c">2199</subfield>
    <subfield code="d">2199</subfield>
  </datafield>
  <controlfield tag="008">180712b        cr ||||| |||| 00| | spa d</controlfield>
  <datafield ind1=" " ind2=" " tag="090">
    <subfield code="a">16.03.02 </subfield>
    <subfield code="b">1465</subfield>
  </datafield>
  <datafield tag="110" ind2=" " ind1=" ">
    <subfield code="a">Centro Regional de Referencia en Educación Comunitaria para la Prevención de Desastres</subfield>
    <subfield code="9">4005</subfield>
  </datafield>
  <datafield ind2=" " ind1=" " tag="245">
    <subfield code="a">Inundaciones / Centro Regional de Referencia en Educación Comunitaria para la Prevención de Desastres</subfield>
  </datafield>
  <datafield ind1=" " ind2=" " tag="260">
    <subfield code="a">San José, Costa Rica : </subfield>
    <subfield code="b">Federación Internacional de Sociedades de La Cruz Roja y de la Media Luna Roja, </subfield>
    <subfield code="c">[Fecha de publicación no identificada]</subfield>
  </datafield>
  <datafield tag="300" ind2=" " ind1=" ">
    <subfield code="a">39 páginas.: </subfield>
    <subfield code="b">ilustrado: colores, </subfield>
  </datafield>
  <datafield ind1=" " ind2=" " tag="500">
    <subfield code="a">Documento N° 9</subfield>
  </datafield>
  <datafield ind2="4" ind1="1" tag="650">
    <subfield code="a">INUNDACIÓN</subfield>
    <subfield code="9">4006</subfield>
  </datafield>
  <datafield tag="650" ind1="1" ind2="4">
    <subfield code="a">PREVENCIÓN DE DESASTRES</subfield>
    <subfield code="9">2554</subfield>
  </datafield>
  <datafield tag="942" ind2=" " ind1=" ">
    <subfield code="2">z</subfield>
    <subfield code="c">01</subfield>
  </datafield>
</record>